%% This BibTeX bibliography file was created using BibDesk.
%% http://bibdesk.sourceforge.net/

%% Created for Benjamin Quost at 2022-02-15 16:01:28 +0100 


%% Saved with string encoding Unicode (UTF-8) 



@techreport{petersen12,
	author = {Kaare Brandt Petersen and Michael Syskind Pedersen},
	date-added = {2022-02-15 11:53:14 +0100},
	date-modified = {2022-02-15 15:26:18 +0100},
	institution = {Technical University of Denmark},
	title = {The {M}atrix {C}ookbook},
	url = {http://www2.compute.dtu.dk/pubdb/pubs/3274-full.html},
	year = {2012},
	bdsk-url-1 = {http://www2.compute.dtu.dk/pubdb/pubs/3274-full.html}}

@article{fisher36,
	author = {Ronald Aylmer Fisher},
	date-added = {2022-02-15 11:42:18 +0100},
	date-modified = {2022-02-15 11:45:09 +0100},
	journal = {Annals of Eugenics},
	number = {2},
	pages = {179-188},
	title = {The use of multiple measurements in taxonomic problems},
	volume = {7},
	year = {1936}}

@article{anderson35,
	author = {Edgar Anderson},
	date-added = {2022-02-15 11:41:06 +0100},
	date-modified = {2022-02-15 11:42:09 +0100},
	journal = {Bulletin of the American Iris Society},
	pages = {2-5},
	title = {The irises of the {G}aspe {P}eninsula},
	volume = {59},
	year = {1935}}

@manual{oetiker18,
	author = {Tobias \OE{}tiker and Hubert Partl and Irene Hyna and Elisabeth Schlegl},
	date-added = {2019-09-20 16:06:19 +0000},
	date-modified = {2022-02-15 16:01:25 +0100},
	title = {The Not So Short Introduction to {\LaTeXe}},
	url = {https://tobi.oetiker.ch/lshort/lshort.pdf},
	urldate = {2019-05-14},
	year = {2021},
	bdsk-url-1 = {https://tobi.oetiker.ch/lshort/lshort.pdf}}
